@Book{Alberto2019,
  title = {Gestión de la información cuantitativa en las universidades - pistas para su abordaje en la era de la sobreinformación},
  author = {{A. Rodríguez y E. Bernal}},
  publisher = {Universidad Nacional de Colombia},
  address = {Bogotá, Colombia},
  year = {2019},
  edition = {1nd},
  note = {ISBN 978-958-783-805-3},
  url = {https://estadisticaun.github.io/L_Conceptual/},
}
